@article{murray1926physiological,
  title={The physiological principle of minimum work I. The vascular system and the cost of blood volume},
  author={Murray, Cecil D},
  journal={Proceedings of the National Academy of Sciences},
  volume={12},
  number={3},
  pages={207--214},
  year={1926},
  publisher={National Acad Sciences}
}


@book{bernot2009optimal,
  title={Optimal transportation networks: models and theory},
  author={Bernot, Marc and Caselles, Vicent and Morel, Jean-Michel},
  volume={1955},
  year={2009},
  publisher={Springer Science \& Business Media}
}

@article{kamiya1972optimal,
  title={Optimal branching structure of the vascular tree},
  author={Kamiya, Akira and Togawa, Tatsuo},
  journal={The Bulletin of mathematical biophysics},
  volume={34},
  number={4},
  pages={431--438},
  year={1972},
  publisher={Springer}
}

@article{schreiner1993computer,
  title={Computer-optimization of vascular trees},
  author={Schreiner, Wolfgang and Buxbaum, Peter Franz},
  journal={Biomedical Engineering, IEEE Transactions on},
  volume={40},
  number={5},
  pages={482--491},
  year={1993},
  publisher={IEEE}
}

@article{karch1999three,
  title={A three-dimensional model for arterial tree representation, generated by constrained constructive optimization},
  author={Karch, Rudolf and Neumann, Friederike and Neumann, Martin and Schreiner, Wolfgang},
  journal={Computers in biology and medicine},
  volume={29},
  number={1},
  pages={19--38},
  year={1999},
  publisher={Elsevier}
}

@article{zamir1986branching,
  title={Branching characteristics of human coronary arteries},
  author={Zamir, M and Chee, H},
  journal={Canadian journal of physiology and pharmacology},
  volume={64},
  number={6},
  pages={661--668},
  year={1986},
  publisher={NRC Research Press}
}