@article{zhang2016multi,
  title={Multi-scale modeling of the cardiovascular system: disease development, progression, and clinical intervention},
  author={Zhang, Yanhang and Barocas, Victor H and Berceli, Scott A and Clancy, Colleen E and Eckmann, David M and Garbey, Marc and Kassab, Ghassan S and Lochner, Donna R and McCulloch, Andrew D and Tran-Son-Tay, Roger and others},
  journal={Annals of biomedical engineering},
  volume={44},
  number={9},
  pages={2642--2660},
  year={2016},
  publisher={Springer}
}
@article{ayache2016medical,
  title={Medical Imaging Informatics: Towards a Personalized Computational Patient},
  author={Ayache, Nicholas},
  journal={Yearbook of medical informatics},
  number={Suppl 1},
  pages={S8},
  year={2016},
  publisher={Schattauer Publishers}
}

@article{muller2019cmbe,
  title={Impact of baseline coronary flow and its distribution on fractional flow reserve prediction},
  author={Lucas Omar Muller, Fredrik Eikeland Fossan, Anders T. Braten, Arve JÃ¸rgensen, Rune Wiseth, and Leif Rune Hellevik},
  journal={Computational and Mathematical Biomedical Engineering proceedings},
  pages={138--141},
  year={2019}
}

@article{fossan2018uncertainty,
  title={Uncertainty quantification and sensitivity analysis for computational FFR estimation in stable coronary artery disease},
  author={Fossan, Fredrik E and Sturdy, Jacob and M{\"u}ller, Lucas O and Strand, Andreas and Br{\aa}ten, Anders T and J{\o}rgensen, Arve and Wiseth, Rune and Hellevik, Leif R},
  journal={Cardiovascular engineering and technology},
  volume={9},
  number={4},
  pages={597--622},
  year={2018},
  publisher={Springer}
}

@article{Lee2019cmbe,
  title={A vessel length method to compute coronary fractional flow reserve from computed tomography images},
  author={Kyung Eun Lee, Soon-Sung Kwon, Eun-Seok Shin, and Eun Bo Shim},
  journal={Computational and Mathematical Biomedical Engineering proceedings},
  pages={170--174},
  year={2019}
}

@article{chung2017diagnostic,
  title={Diagnostic performance of a novel method for fractional flow reserve computed from noninvasive computed tomography angiography (NOVEL-FLOW Study)},
  author={Chung, Ju-Hyun and Lee, Kyung Eun and Nam, Chang-Wook and Doh, Joon-Hyung and Kim, Hyung Il and Kwon, Soon-Sung and Shim, Eun Bo and Shin, Eun-Seok},
  journal={The American journal of cardiology},
  volume={120},
  number={3},
  pages={362--368},
  year={2017},
  publisher={Elsevier}
}

@article{jaquet2019generation,
  title={Generation of patient-specific cardiac vascular networks: a hybrid image-based and synthetic geometric model},
  author={Jaquet, Clara and Najman, Laurent and Talbot, Hugues and Grady, Leo J and Schaap, Michiel and Spain, Buzzy and Kim, Hyun Jin and Vignon-Clementel, Irene and Taylor, Charles A},
  journal={IEEE Transactions on Biomedical Engineering},
  year={2019},
  publisher={IEEE}
}

@article{Lo2019cmbe,
  title={On boundary conditions in computation of CT-based FFR: a study
integrating PET perfusion images in CFD},
  author={Ernest WC Lo, Leon Menezes, Ryo Torii},
  journal={Computational and Mathematical Biomedical Engineering proceedings},
  pages={119--123},
  year={2019}
}

@article{westerhof2006cross,
  title={Cross-talk between cardiac muscle and coronary vasculature},
  author={Westerhof, Nico and Boer, Christa and Lamberts, Regis R and Sipkema, Pieter},
  journal={Physiological Reviews},
  volume={86},
  number={4},
  pages={1263--1308},
  year={2006},
  publisher={American Physiological Society}
}

@article{decking2002spatial,
  title={Spatial heterogeneity in the heart: recent insights and open questions},
  author={Decking, Ulrich KM},
  journal={Physiology},
  volume={17},
  number={6},
  pages={246--250},
  year={2002},
  publisher={American Physiological Society}
}

@article{smith2000generation,
  title={Generation of an anatomically based geometric coronary model},
  author={Smith, NP and Pullan, AJ and Hunter, PJ},
  journal={Annals of biomedical engineering},
  volume={28},
  number={1},
  pages={14--25},
  year={2000},
  publisher={Springer}
}

@article{smith2002anatomically,
  title={An anatomically based model of transient coronary blood flow in the heart},
  author={Smith, NP and Pullan, AJ and Hunter, Peter J},
  journal={SIAM Journal on Applied mathematics},
  volume={62},
  number={3},
  pages={990--1018},
  year={2002},
  publisher={SIAM}
}

@article{bassingthwaighte1989fractal,
  title={Fractal nature of regional myocardial blood flow heterogeneity.},
  author={Bassingthwaighte, James B and King, Richard B and Roger, Stephen A},
  journal={Circulation Research},
  volume={65},
  number={3},
  pages={578--590},
  year={1989},
  publisher={Am Heart Assoc}
}

@article{chilian1991microvascular,
  title={Microvascular pressures and resistances in the left ventricular subepicardium and subendocardium.},
  author={Chilian, William M},
  journal={Circulation research},
  volume={69},
  number={3},
  pages={561--570},
  year={1991},
  publisher={Am Heart Assoc}
}

@incollection{lee2015multiscale,
  title={Multiscale modelling of cardiac perfusion},
  author={Lee, Jack and Cookson, Andrew and Chabiniok, Radomir and Rivolo, Simone and Hyde, Eoin and Sinclair, Matthew and Michler, Christian and Sochi, Taha and Smith, Nicolas},
  booktitle={Modeling the heart and the circulatory system},
  pages={51--96},
  year={2015},
  publisher={Springer}
}

@article{kim2010patient,
  title={Patient-specific modeling of blood flow and pressure in human coronary arteries},
  author={Kim, HJ and Vignon-Clementel, IE and Coogan, JS and Figueroa, CA and Jansen, KE and Taylor, CA},
  journal={Annals of biomedical engineering},
  volume={38},
  number={10},
  pages={3195--3209},
  year={2010},
  publisher={Springer}
}

@article{taylor2013computational,
  title={Computational fluid dynamics applied to cardiac computed tomography for noninvasive quantification of fractional flow reserve: scientific basis},
  author={Taylor, Charles A and Fonte, Timothy A and Min, James K},
  journal={Journal of the American College of Cardiology},
  volume={61},
  number={22},
  pages={2233--2241},
  year={2013},
  publisher={Journal of the American College of Cardiology}
}

@article{michler2013computationally,
  title={A computationally efficient framework for the simulation of cardiac perfusion using a multi-compartment Darcy porous-media flow model},
  author={Michler, Ch and Cookson, AN and Chabiniok, Radomir and Hyde, E and Lee, J and Sinclair, M and Sochi, T and Goyal, A and Vigueras, G and Nordsletten, DA and others},
  journal={International journal for numerical methods in biomedical engineering},
  volume={29},
  number={2},
  pages={217--232},
  year={2013},
  publisher={Wiley Online Library}
}

@article{alves2019simulation,
  title={Simulation of the Perfusion of Contrast Agent Used in Cardiac Magnetic Resonance: A Step Toward Non-invasive Cardiac Perfusion Quantification},
  author={Alves, Jo{\~a}o R and de Queiroz, Rafael AB and B{\"a}r, Markus and dos Santos, Rodrigo W},
  journal={Frontiers in Physiology},
  volume={10},
  year={2019},
  publisher={Frontiers Media SA}
}

@article{hyde2014multi,
  title={Multi-scale parameterisation of a myocardial perfusion model using whole-organ arterial networks},
  author={Hyde, Eoin R and Cookson, Andrew N and Lee, Jack and Michler, Christian and Goyal, Ayush and Sochi, Taha and Chabiniok, Radomir and Sinclair, Matthew and Nordsletten, David A and Spaan, Jos and others},
  journal={Annals of biomedical engineering},
  volume={42},
  number={4},
  pages={797--811},
  year={2014},
  publisher={Springer}
}

@article{jaquet2018generation,
  title={Generation of patient-specific cardiac vascular networks: a hybrid image-based and synthetic geometric model},
  author={Jaquet, Clara and Najman, Laurent and Talbot, Hugues and Grady, Leo and Schaap, Michiel and Spain, Buzzy and Kim, Hyun Jin and Vignon-Clementel, Irene and Taylor, Charles A},
  journal={IEEE Transactions on Biomedical Engineering},
  volume={66},
  number={4},
  pages={946--955},
  year={2018},
  publisher={IEEE}
}

@article{vignon2004outflow,
  title={Outflow boundary conditions for one-dimensional finite element modeling of blood flow and pressure waves in arteries},
  author={Vignon, Irene E and Taylor, Charles A},
  journal={Wave Motion},
  volume={39},
  number={4},
  pages={361--374},
  year={2004},
  publisher={Elsevier}
}

@book{berne1967cardiovascular,
  title={Cardiovascular physiology},
  author={Berne, Robert M and Levy, Matthew N},
  year={1967},
  publisher={Mosby}
}

@article{wilson1990effects,
  title={Effects of adenosine on human coronary arterial circulation.},
  author={Wilson, Robert F and Wyche, Keith and Christensen, Betsy V and Zimmer, Steven and Laxson, David D},
  journal={Circulation},
  volume={82},
  number={5},
  pages={1595--1606},
  year={1990},
  publisher={Am Heart Assoc}
}


@article{choy2008scaling,
  title={Scaling of myocardial mass to flow and morphometry of coronary arteries},
  author={Choy, Jenny Susana and Kassab, Ghassan S},
  journal={Journal of Applied Physiology},
  volume={104},
  number={5},
  pages={1281--1286},
  year={2008},
  publisher={American Physiological Society}
}

@article{chapelle2010poroelastic,
  title={A poroelastic model valid in large strains with applications to perfusion in cardiac modeling},
  author={Chapelle, Dominique and Gerbeau, J-F and Sainte-Marie, J and Vignon-Clementel, IE},
  journal={Computational Mechanics},
  volume={46},
  number={1},
  pages={91--101},
  year={2010},
  publisher={Springer}
}

@book{Serra:235415,
      author        = "Serra, Jean",
      title         = "{Image analysis and mathematical morphology, v.1}",
      publisher     = "Academic Press",
      address       = "London",
      year          = "1982",
      url           = "http://cds.cern.ch/record/235415",
      note          = "English revised version",
}