%% This BibTeX bibliography file was created using BibDesk.
%% http://bibdesk.sourceforge.net/


%% Created for Hugues Talbot at 2016-06-15 08:25:20 +0200 


%% Saved with string encoding Unicode (UTF-8) 



@book{Sethian-level-sets-1999,
	Annote = {Excellent introduction to level set methods},
	Author = {Sethian, J.A.},
	Date-Added = {2016-06-15 06:24:50 +0000},
	Date-Modified = {2016-06-15 06:24:50 +0000},
	Note = {ISBN 0-521-64204-3},
	Publisher = {Cambridge University Press},
	Title = {Level set methods and fast marching methods},
	Year = {1999}}
