@article{wilson1990effects,
  title={Effects of adenosine on human coronary arterial circulation.},
  author={Wilson, Robert F and Wyche, Keith and Christensen, Betsy V and Zimmer, Steven and Laxson, David D},
  journal={Circulation},
  volume={82},
  number={5},
  pages={1595--1606},
  year={1990},
  publisher={Am Heart Assoc}
}

@article{chapelle2010poroelastic,
  title={A poroelastic model valid in large strains with applications to perfusion in cardiac modeling},
  author={Chapelle, Dominique and Gerbeau, J-F and Sainte-Marie, J and Vignon-Clementel, IE},
  journal={Computational Mechanics},
  volume={46},
  number={1},
  pages={91--101},
  year={2010},
  publisher={Springer}
}