@article{michler2013computationally,
  title={A computationally efficient framework for the simulation of cardiac perfusion using a multi-compartment Darcy porous-media flow model},
  author={Michler, Ch and Cookson, AN and Chabiniok, Radomir and Hyde, E and Lee, J and Sinclair, M and Sochi, T and Goyal, A and Vigueras, G and Nordsletten, DA and others},
  journal={International journal for numerical methods in biomedical engineering},
  volume={29},
  number={2},
  pages={217--232},
  year={2013},
  publisher={Wiley Online Library}
}

@article{hyde2013parameterisation,
  title={Parameterisation of multi-scale continuum perfusion models from discrete vascular networks},
  author={Hyde, Eoin R and Michler, Christian and Lee, Jack and Cookson, Andrew N and Chabiniok, Radek and Nordsletten, David A and Smith, Nicolas P},
  journal={Medical \& biological engineering \& computing},
  volume={51},
  number={5},
  pages={557--570},
  year={2013},
  publisher={Springer}
}

@article{hyde2014multi,
  title={Multi-scale parameterisation of a myocardial perfusion model using whole-organ arterial networks},
  author={Hyde, Eoin R and Cookson, Andrew N and Lee, Jack and Michler, Christian and Goyal, Ayush and Sochi, Taha and Chabiniok, Radomir and Sinclair, Matthew and Nordsletten, David A and Spaan, Jos and others},
  journal={Annals of biomedical engineering},
  volume={42},
  number={4},
  pages={797--811},
  year={2014},
  publisher={Springer}
}
	
@article{alves2016simulation,
  title={Simulation of cardiac perfusion by contrast in the myocardium using a formulation of flow in porous media},
  author={Alves, JR and De Queiroz, RAB and dos Santos, Rodrigo Weber},
  journal={Journal of Computational and Applied Mathematics},
  volume={295},
  pages={13--24},
  year={2016},
  publisher={Elsevier}
}

@incollection{lee2015multiscale,
  title={Multiscale modelling of cardiac perfusion},
  author={Lee, Jack and Cookson, Andrew and Chabiniok, Radomir and Rivolo, Simone and Hyde, Eoin and Sinclair, Matthew and Michler, Christian and Sochi, Taha and Smith, Nicolas},
  booktitle={Modeling the heart and the circulatory system},
  pages={51--96},
  year={2015},
  publisher={Springer}
}

@article{d2008coupling,
  title={On the coupling of 1d and 3d diffusion-reaction equations: application to tissue perfusion problems},
  author={D'ANGELO, Carlo and Quarteroni, Alfio},
  journal={Mathematical Models and Methods in Applied Sciences},
  volume={18},
  number={08},
  pages={1481--1504},
  year={2008},
  publisher={World Scientific}
}

@article{d2011robust,
  title={Robust numerical approximation of coupled Stokes' and Darcy's flows applied to vascular hemodynamics and biochemical transport},
  author={D'Angelo, Carlo and Zunino, Paolo},
  journal={ESAIM: Mathematical Modelling and Numerical Analysis},
  volume={45},
  number={3},
  pages={447--476},
  year={2011},
  publisher={EDP Sciences}
}

@article{sinclair2015measurement,
  title={Measurement and modeling of coronary blood flow},
  author={Sinclair, Matthew D and Lee, Jack and Cookson, Andrew N and Rivolo, Simone and Hyde, Eoin R and Smith, Nicolas P},
  journal={Wiley Interdisciplinary Reviews: Systems Biology and Medicine},
  volume={7},
  number={6},
  pages={335--356},
  year={2015},
  publisher={Wiley Online Library}
}

@article{chilian1991microvascular,
  title={Microvascular pressures and resistances in the left ventricular subepicardium and subendocardium.},
  author={Chilian, William M},
  journal={Circulation research},
  volume={69},
  number={3},
  pages={561--570},
  year={1991},
  publisher={Am Heart Assoc}
}

@article{chilian1989redistribution,
  title={Redistribution of coronary microvascular resistance produced by dipyridamole},
  author={Chilian, WILLIAM M and Layne, SUSAN M and Klausner, EDWARD C and Eastham, CHARLES L and Marcus, MELVIN L},
  journal={American Journal of Physiology-Heart and Circulatory Physiology},
  volume={256},
  number={2},
  pages={H383--H390},
  year={1989},
  publisher={American Physiological Society Bethesda, MD}
}

@article{van2010improved,
  title={Improved detection of fluorescently labeled microspheres and vessel architecture with an imaging cryomicrotome},
  author={van Horssen, Pepijn and Siebes, Maria and Hoefer, Imo and Spaan, Jos AE and van den Wijngaard, Jeroen PHM},
  journal={Medical \& biological engineering \& computing},
  volume={48},
  number={8},
  pages={735--744},
  year={2010},
  publisher={Springer}
}

@article{king1985stability,
  title={Stability of heterogeneity of myocardial blood flow in normal awake baboons.},
  author={King, RB and Bassingthwaighte, JB and Hales, JRS and Rowell, LB},
  journal={Circulation research},
  volume={57},
  number={2},
  pages={285--295},
  year={1985},
  publisher={Am Heart Assoc}
}